<?xml version="1.0" encoding="UTF-8"?><collection xmlns="http://www.loc.gov/MARC21/slim"><record><leader>00469nam--2200181-i-4500</leader><controlfield tag="001">000019314</controlfield><controlfield tag="002">20161230</controlfield><controlfield tag="005">20161230201033</controlfield><controlfield tag="008">060222s1000------------r-----000-0-rus-d</controlfield><datafield ind1=" " ind2=" " tag="041"><subfield code="a">rus</subfield></datafield><datafield ind1=" " ind2=" " tag="080"><subfield code="a">539.125</subfield></datafield><datafield ind1="1" ind2=" " tag="100"><subfield code="a">Marciuk, G.I</subfield></datafield><datafield ind1="1" ind2="0" tag="245"><subfield code="a">Cislennie metodi v teorii perenosa neitronov</subfield><subfield code="c">G.i. marciuk, v.i. lebedev</subfield></datafield><datafield ind1=" " ind2=" " tag="260"><subfield code="a">Moskva</subfield><subfield code="b">Atomizdat</subfield><subfield code="c">1971</subfield></datafield><datafield ind1=" " ind2=" " tag="300"><subfield code="a">496P</subfield></datafield><datafield ind1="1" ind2=" " tag="700"><subfield code="a">V.I. Lebedev</subfield></datafield><datafield ind1=" " ind2=" " tag="852"><subfield code="a">36325</subfield><subfield code="c">539.12</subfield></datafield><datafield ind1=" " ind2=" " tag="CAT"><subfield code="a">Sys</subfield><subfield code="c">20111122</subfield><subfield code="h">135912</subfield></datafield></record></collection>